@book{GARCIA2013,
  author    = {GARCIA, Arnaldo and LEQUAIN, Yves},
  title     = {Elementos de √Ålgebra},
  edition   = {6. ed.},
  address   = {Rio de Janeiro},
  publisher = {IMPA},
  year      = {2013},
  note      = {ISBN 978-85-244-0190-9}
}
